@article{jafar2021high,
  title={High-speed hyperparameter optimization for deep ResNet models in image recognition},
  author={Jafar, Abbas and Lee, Myungho},
  journal={Cluster Computing},
  pages={1--9},
  year={2021},
  publisher={Springer}
}

@inproceedings{li2020oscar,
  title={Oscar: Object-semantics aligned pre-training for vision-language tasks},
  author={Li, Xiujun and Yin, Xi and Li, Chunyuan and Zhang, Pengchuan and Hu, Xiaowei and Zhang, Lei and Wang, Lijuan and Hu, Houdong and Dong, Li and Wei, Furu and others},
  booktitle={Computer Vision--ECCV 2020: 16th European Conference, Glasgow, UK, August 23--28, 2020, Proceedings, Part XXX 16},
  pages={121--137},
  year={2020},
  organization={Springer}
}

@article{fukui2016multimodal,
  title={Multimodal compact bilinear pooling for visual question answering and visual grounding},
  author={Fukui, Akira and Park, Dong Huk and Yang, Daylen and Rohrbach, Anna and Darrell, Trevor and Rohrbach, Marcus},
  journal={arXiv preprint arXiv:1606.01847},
  year={2016}
}

@inproceedings{zhang2021vinvl,
  title={Vinvl: Revisiting visual representations in vision-language models},
  author={Zhang, Pengchuan and Li, Xiujun and Hu, Xiaowei and Yang, Jianwei and Zhang, Lei and Wang, Lijuan and Choi, Yejin and Gao, Jianfeng},
  booktitle={Proceedings of the IEEE/CVF conference on computer vision and pattern recognition},
  pages={5579--5588},
  year={2021}
}

@inproceedings{pavlopoulos2019survey,
  title={A survey on biomedical image captioning},
  author={Pavlopoulos, John and Kougia, Vasiliki and Androutsopoulos, Ion},
  booktitle={Proceedings of the second workshop on shortcomings in vision and language},
  pages={26--36},
  year={2019}
}

@inproceedings{huang2021contextualized,
  title={Contextualized keyword representations for multi-modal retinal image captioning},
  author={Huang, Jia-Hong and Wu, Ting-Wei and Worring, Marcel},
  booktitle={Proceedings of the 2021 International Conference on Multimedia Retrieval},
  pages={645--652},
  year={2021}
}

@article{karoly2006psychological,
  title={Psychological “resilience” and its correlates in chronic pain: findings from a national community sample},
  author={Karoly, Paul and Ruehlman, Linda S},
  journal={Pain},
  volume={123},
  number={1-2},
  pages={90--97},
  year={2006},
  publisher={Elsevier}
}

@inproceedings{luo2019visual,
  title={Visual image caption generation for service robotics and industrial applications},
  author={Luo, Ren C and Hsu, Yu-Ting and Wen, Yu-Cheng and Ye, Huan-Jun},
  booktitle={2019 IEEE International Conference on Industrial Cyber Physical Systems (ICPS)},
  pages={827--832},
  year={2019},
  organization={IEEE}
}

@inproceedings{iyer2019image,
  title={Image captioning-based image search engine: An alternative to retrieval by metadata},
  author={Iyer, Sethurathienam and Chaturvedi, Shubham and Dash, Tirtharaj},
  booktitle={Soft Computing for Problem Solving: SocProS 2017, Volume 2},
  pages={181--191},
  year={2019},
  organization={Springer}
}

@inproceedings{gurari2020captioning,
  title={Captioning images taken by people who are blind},
  author={Gurari, Danna and Zhao, Yinan and Zhang, Meng and Bhattacharya, Nilavra},
  booktitle={Computer Vision--ECCV 2020: 16th European Conference, Glasgow, UK, August 23--28, 2020, Proceedings, Part XVII 16},
  pages={417--434},
  year={2020},
  organization={Springer}
}

@article{dognin2020image,
  title={Image captioning as an assistive technology: Lessons learned from vizwiz 2020 challenge},
  author={Dognin, Pierre and Melnyk, Igor and Mroueh, Youssef and Padhi, Inkit and Rigotti, Mattia and Ross, Jarret and Schiff, Yair and Young, Richard A and Belgodere, Brian},
  journal={arXiv preprint arXiv:2012.11696},
  year={2020}
}

@inproceedings{kim2021proceedings,
  title={Proceedings of the 2021 Conference of the North American Chapter of the Association for Computational Linguistics: Human Language Technologies: Industry Papers},
  author={Kim, Young-Bum and Li, Yunyao and Rambow, Owen},
  booktitle={Proceedings of the 2021 Conference of the North American Chapter of the Association for Computational Linguistics: Human Language Technologies: Industry Papers},
  year={2021}
}

@article{ganesan2022deep,
  title={Deep learning reader for visually impaired},
  author={Ganesan, Jothi and Azar, Ahmad Taher and Alsenan, Shrooq and Kamal, Nashwa Ahmad and Qureshi, Basit and Hassanien, Aboul Ella},
  journal={Electronics},
  volume={11},
  number={20},
  pages={3335},
  year={2022},
  publisher={MDPI}
}

@article{yu2023quality,
  title={Quality-agnostic Image Captioning to Safely Assist People with Vision Impairment},
  author={Yu, Lu and Nikandrou, Malvina and Jin, Jiali and Reiser, Verena},
  journal={arXiv preprint arXiv:2304.14623},
  year={2023}
}

@article{fei2007we,
  title={What do we perceive in a glance of a real-world scene?},
  author={Fei-Fei, Li and Iyer, Asha and Koch, Christof and Perona, Pietro},
  journal={Journal of vision},
  volume={7},
  number={1},
  pages={10--10},
  year={2007},
  publisher={The Association for Research in Vision and Ophthalmology}
}

@article{rinaldi2023automatic,
  title={Automatic image captioning combining natural language processing and deep neural networks},
  author={Rinaldi, Antonio M and Russo, Cristiano and Tommasino, Cristian},
  journal={Results in Engineering},
  volume={18},
  pages={101107},
  year={2023},
  publisher={Elsevier}
}

@article{ijjina2016hybrid,
  title={Hybrid deep neural network model for human action recognition},
  author={Ijjina, Earnest Paul and Mohan, Chalavadi Krishna},
  journal={Applied soft computing},
  volume={46},
  pages={936--952},
  year={2016},
  publisher={Elsevier}
}

@article{wang2015feedforward,
  title={Feedforward kernel neural networks, generalized least learning machine, and its deep learning with application to image classification},
  author={Wang, Shitong and Jiang, Yizhang and Chung, Fu-Lai and Qian, Pengjiang},
  journal={Applied Soft Computing},
  volume={37},
  pages={125--141},
  year={2015},
  publisher={Elsevier}
}

@article{cho2014learning,
  title={Learning phrase representations using RNN encoder-decoder for statistical machine translation},
  author={Cho, Kyunghyun and Van Merri{\"e}nboer, Bart and Gulcehre, Caglar and Bahdanau, Dzmitry and Bougares, Fethi and Schwenk, Holger and Bengio, Yoshua},
  journal={arXiv preprint arXiv:1406.1078},
  year={2014}
}

@inproceedings{collobert2008unified,
  title={A unified architecture for natural language processing: Deep neural networks with multitask learning},
  author={Collobert, Ronan and Weston, Jason},
  booktitle={Proceedings of the 25th international conference on Machine learning},
  pages={160--167},
  year={2008}
}

@article{bai2018survey,
  title={A survey on automatic image caption generation},
  author={Bai, Shuang and An, Shan},
  journal={Neurocomputing},
  volume={311},
  pages={291--304},
  year={2018},
  publisher={Elsevier}
}

@article{kojima2002natural,
  title={Natural language description of human activities from video images based on concept hierarchy of actions},
  author={Kojima, Atsuhiro and Tamura, Takeshi and Fukunaga, Kunio},
  journal={International Journal of Computer Vision},
  volume={50},
  pages={171--184},
  year={2002},
  publisher={Springer}
}

@article{tomasi2012histograms,
  title={Histograms of oriented gradients},
  author={Tomasi, Carlo},
  journal={Computer Vision Sampler},
  pages={1--6},
  year={2012}
}

@article{david2004distinctive,
  title={Distinctive image features from scale-invariant keypoints},
  author={David, Lowe},
  journal={International journal of computer vision},
  volume={60},
  pages={91--110},
  year={2004}
}

@inproceedings{ojala2000gray,
  title={Gray scale and rotation invariant texture classification with local binary patterns},
  author={Ojala, Timo and Pietik{\"a}inen, Matti and M{\"a}enp{\"a}{\"a}, Topi},
  booktitle={Computer Vision-ECCV 2000: 6th European Conference on Computer Vision Dublin, Ireland, June 26--July 1, 2000 Proceedings, Part I 6},
  pages={404--420},
  year={2000},
  organization={Springer}
}

@article{tsai2012bag,
  title={Bag-of-words representation in image annotation: A review},
  author={Tsai, Chih-Fong},
  journal={International Scholarly Research Notices},
  volume={2012},
  year={2012},
  publisher={Hindawi}
}

@article{pouyanfar2018survey,
  title={A survey on deep learning: Algorithms, techniques, and applications},
  author={Pouyanfar, Samira and Sadiq, Saad and Yan, Yilin and Tian, Haiman and Tao, Yudong and Reyes, Maria Presa and Shyu, Mei-Ling and Chen, Shu-Ching and Iyengar, Sundaraja S},
  journal={ACM Computing Surveys (CSUR)},
  volume={51},
  number={5},
  pages={1--36},
  year={2018},
  publisher={ACM New York, NY, USA}
}

@article{bengio2013representation,
  title={Representation learning: A review and new perspectives},
  author={Bengio, Yoshua and Courville, Aaron and Vincent, Pascal},
  journal={IEEE transactions on pattern analysis and machine intelligence},
  volume={35},
  number={8},
  pages={1798--1828},
  year={2013},
  publisher={IEEE}
}

@article{lecun2015deep,
  title={Deep learning},
  author={LeCun, Yann and Bengio, Yoshua and Hinton, Geoffrey},
  journal={nature},
  volume={521},
  number={7553},
  pages={436--444},
  year={2015},
  publisher={Nature Publishing Group UK London}
}

@article{xiao2019deep,
  title={Deep hierarchical encoder--decoder network for image captioning},
  author={Xiao, Xinyu and Wang, Lingfeng and Ding, Kun and Xiang, Shiming and Pan, Chunhong},
  journal={IEEE Transactions on Multimedia},
  volume={21},
  number={11},
  pages={2942--2956},
  year={2019},
  publisher={IEEE}
}

@inproceedings{Atliha2020,
  doi = {10.1109/estream50540.2020.9108880},
  url = {https://doi.org/10.1109/estream50540.2020.9108880},
  year = {2020},
  month = apr,
  publisher = {{IEEE}},
  author = {Viktar Atliha and Dmitrij Sesok},
  title = {Comparison of {VGG} and {ResNet} used as Encoders for Image Captioning},
  booktitle = {2020 {IEEE} Open Conference of Electrical,  Electronic and Information Sciences ({eStream})}
}

@article{kim2014convolutional,
  title={Convolutional neural networks for sentence classification},
  author={Kim, Yoon},
  journal={arXiv preprint arXiv:1408.5882},
  year={2014}
}

@article{krizhevsky2012imagenet,
  title={Imagenet classification with deep convolutional neural networks},
  author={Krizhevsky, Alex and Sutskever, Ilya and Hinton, Geoffrey E},
  journal={Advances in neural information processing systems},
  volume={25},
  year={2012}
}

@article{lecun1995convolutional,
  title={Convolutional networks for images, speech, and time series},
  author={LeCun, Yann and Bengio, Yoshua and others},
  journal={The handbook of brain theory and neural networks},
  volume={3361},
  number={10},
  pages={1995},
  year={1995},
  publisher={Citeseer}
}

@article{pascanu2013construct,
  title={How to construct deep recurrent neural networks},
  author={Pascanu, Razvan and Gulcehre, Caglar and Cho, Kyunghyun and Bengio, Yoshua},
  journal={arXiv preprint arXiv:1312.6026},
  year={2013}
}

@article{karpathy2015visualizing,
  title={Visualizing and understanding recurrent networks},
  author={Karpathy, Andrej and Johnson, Justin and Fei-Fei, Li},
  journal={arXiv preprint arXiv:1506.02078},
  year={2015}
}

@article{do2020reference,
  title={Reference-based model using multimodal gated recurrent units for image captioning},
  author={do Carmo Nogueira, Tiago and Vinhal, C{\'a}ssio Dener Noronha and da Cruz J{\'u}nior, G{\'e}lson and Ullmann, Matheus Rudolfo Diedrich},
  journal={Multimedia Tools and Applications},
  volume={79},
  pages={30615--30635},
  year={2020},
  publisher={Springer}
}

@article{niu2021review,
  title={A review on the attention mechanism of deep learning},
  author={Niu, Zhaoyang and Zhong, Guoqiang and Yu, Hui},
  journal={Neurocomputing},
  volume={452},
  pages={48--62},
  year={2021},
  publisher={Elsevier}
}

@article{gao2021interpretable,
  title={Interpretable deep learning model for building energy consumption prediction based on attention mechanism},
  author={Gao, Yuan and Ruan, Yingjun},
  journal={Energy and Buildings},
  volume={252},
  pages={111379},
  year={2021},
  publisher={Elsevier}
}

@article{kaelbling1996reinforcement,
  title={Reinforcement learning: A survey},
  author={Kaelbling, Leslie Pack and Littman, Michael L and Moore, Andrew W},
  journal={Journal of artificial intelligence research},
  volume={4},
  pages={237--285},
  year={1996}
}

@article{zhao2019multimodal,
  title={A multimodal fusion approach for image captioning},
  author={Zhao, Dexin and Chang, Zhi and Guo, Shutao},
  journal={Neurocomputing},
  volume={329},
  pages={476--485},
  year={2019},
  publisher={Elsevier}
}

@inproceedings{kalimuthu2021fusion,
  title={Fusion models for improved image captioning},
  author={Kalimuthu, Marimuthu and Mogadala, Aditya and Mosbach, Marius and Klakow, Dietrich},
  booktitle={Pattern Recognition. ICPR International Workshops and Challenges: Virtual Event, January 10--15, 2021, Proceedings, Part VI},
  pages={381--395},
  year={2021},
  organization={Springer}
}

@article{wu2017image,
  title={Image captioning and visual question answering based on attributes and external knowledge},
  author={Wu, Qi and Shen, Chunhua and Wang, Peng and Dick, Anthony and Van Den Hengel, Anton},
  journal={IEEE transactions on pattern analysis and machine intelligence},
  volume={40},
  number={6},
  pages={1367--1381},
  year={2017},
  publisher={IEEE}
}

@inproceedings{degadwala2021image,
  title={Image captioning using inception V3 transfer learning model},
  author={Degadwala, Sheshang and Vyas, Dhairya and Biswas, Haimanti and Chakraborty, Utsho and Saha, Sowrav},
  booktitle={2021 6th International Conference on Communication and Electronics Systems (ICCES)},
  pages={1103--1108},
  year={2021},
  organization={IEEE}
}

@article{vaswani2017attention,
  title={Attention is all you need},
  author={Vaswani, Ashish and Shazeer, Noam and Parmar, Niki and Uszkoreit, Jakob and Jones, Llion and Gomez, Aidan N and Kaiser, {\L}ukasz and Polosukhin, Illia},
  journal={Advances in neural information processing systems},
  volume={30},
  year={2017}
}

@article{rodriguez2018beyond,
  title={Beyond one-hot encoding: Lower dimensional target embedding},
  author={Rodr{\'\i}guez, Pau and Bautista, Miguel A and Gonzalez, Jordi and Escalera, Sergio},
  journal={Image and Vision Computing},
  volume={75},
  pages={21--31},
  year={2018},
  publisher={Elsevier}
}

@article{mikolov2013efficient,
  title={Efficient estimation of word representations in vector space},
  author={Mikolov, Tomas and Chen, Kai and Corrado, Greg and Dean, Jeffrey},
  journal={arXiv preprint arXiv:1301.3781},
  year={2013}
}

@inproceedings{pennington2014glove,
  title={Glove: Global vectors for word representation},
  author={Pennington, Jeffrey and Socher, Richard and Manning, Christopher D},
  booktitle={Proceedings of the 2014 conference on empirical methods in natural language processing (EMNLP)},
  pages={1532--1543},
  year={2014}
}

@inproceedings{vinyals2015show,
  title={Show and tell: A neural image caption generator},
  author={Vinyals, Oriol and Toshev, Alexander and Bengio, Samy and Erhan, Dumitru},
  booktitle={Proceedings of the IEEE conference on computer vision and pattern recognition},
  pages={3156--3164},
  year={2015}
}

@article{hochreiter1997long,
  title={Long short-term memory},
  author={Hochreiter, Sepp and Schmidhuber, J{\"u}rgen},
  journal={Neural computation},
  volume={9},
  number={8},
  pages={1735--1780},
  year={1997},
  publisher={MIT press}
}

@inproceedings{girshick2014rich,
  title={Rich feature hierarchies for accurate object detection and semantic segmentation},
  author={Girshick, Ross and Donahue, Jeff and Darrell, Trevor and Malik, Jitendra},
  booktitle={Proceedings of the IEEE conference on computer vision and pattern recognition},
  pages={580--587},
  year={2014}
}

@article{yadav2021image,
  title={Image captioning using R-CNN \& LSTM deep learning model},
  author={Yadav, Aditya Kumar},
  journal={image},
  volume={5},
  pages={8},
  year={2021}
}

@article{yan2020image,
  title={Image captioning via hierarchical attention mechanism and policy gradient optimization},
  author={Yan, Shiyang and Xie, Yuan and Wu, Fangyu and Smith, Jeremy S and Lu, Wenjin and Zhang, Bailing},
  journal={Signal Processing},
  volume={167},
  pages={107329},
  year={2020},
  publisher={Elsevier}
}

@article{chu2020automatic,
  title={Automatic image captioning based on ResNet50 and LSTM with soft attention},
  author={Chu, Yan and Yue, Xiao and Yu, Lei and Sergei, Mikhailov and Wang, Zhengkui},
  journal={Wireless Communications and Mobile Computing},
  volume={2020},
  pages={1--7},
  year={2020},
  publisher={Hindawi Limited}
}

@article{han2020explainable,
  title={Explainable AI (XAI) approach to image captioning},
  author={Han, Seung-Ho and Kwon, Min-Su and Choi, Ho-Jin},
  journal={The Journal of Engineering},
  volume={2020},
  number={13},
  pages={589--594},
  year={2020},
  publisher={Wiley Online Library}
}

@inproceedings{chunseong2017attend,
  title={Attend to you: Personalized image captioning with context sequence memory networks},
  author={Chunseong Park, Cesc and Kim, Byeongchang and Kim, Gunhee},
  booktitle={Proceedings of the IEEE conference on computer vision and pattern recognition},
  pages={895--903},
  year={2017}
}
@misc{he2015deep,
      title={Deep Residual Learning for Image Recognition}, 
      author={Kaiming He and Xiangyu Zhang and Shaoqing Ren and Jian Sun},
      year={2015},
      eprint={1512.03385},
      archivePrefix={arXiv},
      primaryClass={cs.CV}
}

@article{hodosh2013framing,
  title={Framing image description as a ranking task: Data, models and evaluation metrics},
  author={Hodosh, Micah and Young, Peter and Hockenmaier, Julia},
  journal={Journal of Artificial Intelligence Research},
  volume={47},
  pages={853--899},
  year={2013}
}
@article{young2014image,
  title={From image descriptions to visual denotations: New similarity metrics for semantic inference over event descriptions},
  author={Young, Peter and Lai, Alice and Hodosh, Micah and Hockenmaier, Julia},
  journal={Transactions of the Association for Computational Linguistics},
  volume={2},
  pages={67--78},
  year={2014},
  publisher={MIT Press}
}
@inproceedings{karpathy2015deep,
  title={Deep visual-semantic alignments for generating image descriptions},
  author={Karpathy, Andrej and Fei-Fei, Li},
  booktitle={Proceedings of the IEEE conference on computer vision and pattern recognition},
  pages={3128--3137},
  year={2015}
}
@article{russakovsky2015imagenet,
  title={Imagenet large scale visual recognition challenge},
  author={Russakovsky, Olga and Deng, Jia and Su, Hao and Krause, Jonathan and Satheesh, Sanjeev and Ma, Sean and Huang, Zhiheng and Karpathy, Andrej and Khosla, Aditya and Bernstein, Michael and others},
  journal={International journal of computer vision},
  volume={115},
  pages={211--252},
  year={2015},
  publisher={Springer}
}
@inproceedings{papineni2002bleu,
  title={Bleu: a method for automatic evaluation of machine translation},
  author={Papineni, Kishore and Roukos, Salim and Ward, Todd and Zhu, Wei-Jing},
  booktitle={Proceedings of the 40th annual meeting of the Association for Computational Linguistics},
  pages={311--318},
  year={2002}
}
@inproceedings{banerjee2005meteor,
  title={METEOR: An automatic metric for MT evaluation with improved correlation with human judgments},
  author={Banerjee, Satanjeev and Lavie, Alon},
  booktitle={Proceedings of the acl workshop on intrinsic and extrinsic evaluation measures for machine translation and/or summarization},
  pages={65--72},
  year={2005}
}
@article{kiros2014unifying,
  title={Unifying visual-semantic embeddings with multimodal neural language models},
  author={Kiros, Ryan and Salakhutdinov, Ruslan and Zemel, Richard S},
  journal={arXiv preprint arXiv:1411.2539},
  year={2014}
}
@article{mao2014explain,
  title={Explain images with multimodal recurrent neural networks},
  author={Mao, Junhua and Xu, Wei and Yang, Yi and Wang, Jiang and Yuille, Alan L},
  journal={arXiv preprint arXiv:1410.1090},
  year={2014}
}
@inproceedings{xu2015show,
  title={Show, attend and tell: Neural image caption generation with visual attention},
  author={Xu, Kelvin and Ba, Jimmy and Kiros, Ryan and Cho, Kyunghyun and Courville, Aaron and Salakhudinov, Ruslan and Zemel, Rich and Bengio, Yoshua},
  booktitle={International conference on machine learning},
  pages={2048--2057},
  year={2015},
  organization={PMLR}
}
@article{kingma2014adam,
  title={Adam: A method for stochastic optimization},
  author={Kingma, Diederik P and Ba, Jimmy},
  journal={arXiv preprint arXiv:1412.6980},
  year={2014}
}
@article{krizhevsky2017imagenet,
  title={Imagenet classification with deep convolutional neural networks},
  author={Krizhevsky, Alex and Sutskever, Ilya and Hinton, Geoffrey E},
  journal={Communications of the ACM},
  volume={60},
  number={6},
  pages={84--90},
  year={2017},
  publisher={AcM New York, NY, USA}
}

@inproceedings{li2011composing,
  title={Composing simple image descriptions using web-scale n-grams},
  author={Li, Siming and Kulkarni, Girish and Berg, Tamara and Berg, Alexander and Choi, Yejin},
  booktitle={Proceedings of the Fifteenth Conference on Computational Natural Language Learning},
  pages={220--228},
  year={2011}
}
@article{kuznetsova2014treetalk,
  title={Treetalk: Composition and compression of trees for image descriptions},
  author={Kuznetsova, Polina and Ordonez, Vicente and Berg, Tamara L and Choi, Yejin},
  journal={Transactions of the Association for Computational Linguistics},
  volume={2},
  pages={351--362},
  year={2014},
  publisher={MIT Press}
}


@article{bojanowski2017enriching,
  title={Enriching Word Vectors with Subword Information},
  author={Bojanowski, Piotr and Grave, Edouard and Joulin, Armand and Mikolov, Tomas},
  journal={Transactions of the Association for Computational Linguistics},
  volume={5},
  year={2017},
  issn={2307-387X},
  pages={135--146}
}


@inproceedings{mikolov2018advances,
  title={Advances in Pre-Training Distributed Word Representations},
  author={Mikolov, Tomas and Grave, Edouard and Bojanowski, Piotr and Puhrsch, Christian and Joulin, Armand},
  booktitle={Proceedings of the International Conference on Language Resources and Evaluation (LREC 2018)},
  year={2018}
}

@article{mnih2013learning,
  title={Learning word embeddings efficiently with noise-contrastive estimation},
  author={Mnih, Andriy and Kavukcuoglu, Koray},
  journal={Advances in neural information processing systems},
  volume={26},
  year={2013}
}

@article{mcclenny2020self,
  title={Self-adaptive physics-informed neural networks using a soft attention mechanism},
  author={McClenny, Levi and Braga-Neto, Ulisses},
  journal={arXiv preprint arXiv:2009.04544},
  year={2020}
}

@inproceedings{wang2017residual,
  title={Residual attention network for image classification},
  author={Wang, Fei and Jiang, Mengqing and Qian, Chen and Yang, Shuo and Li, Cheng and Zhang, Honggang and Wang, Xiaogang and Tang, Xiaoou},
  booktitle={Proceedings of the IEEE conference on computer vision and pattern recognition},
  pages={3156--3164},
  year={2017}
}

@inproceedings{grave2018learning,
  title={Learning Word Vectors for 157 Languages},
  author={Grave, Edouard and Bojanowski, Piotr and Gupta, Prakhar and Joulin, Armand and Mikolov, Tomas},
  booktitle={Proceedings of the International Conference on Language Resources and Evaluation (LREC 2018)},
  year={2018}
}

@article{kulkarni2013babytalk,
  title={Babytalk: Understanding and generating simple image descriptions},
  author={Kulkarni, Girish and Premraj, Visruth and Ordonez, Vicente and Dhar, Sagnik and Li, Siming and Choi, Yejin and Berg, Alexander C and Berg, Tamara L},
  journal={IEEE transactions on pattern analysis and machine intelligence},
  volume={35},
  number={12},
  pages={2891--2903},
  year={2013},
  publisher={IEEE}
}

@inproceedings{farhadi2010every,
  title={Every picture tells a story: Generating sentences from images},
  author={Farhadi, Ali and Hejrati, Mohsen and Sadeghi, Mohammad Amin and Young, Peter and Rashtchian, Cyrus and Hockenmaier, Julia and Forsyth, David},
  booktitle={Computer Vision--ECCV 2010: 11th European Conference on Computer Vision, Heraklion, Crete, Greece, September 5-11, 2010, Proceedings, Part IV 11},
  pages={15--29},
  year={2010},
  organization={Springer}
}

@inproceedings{mitchell2012midge,
  title={Midge: Generating image descriptions from computer vision detections},
  author={Mitchell, Margaret and Dodge, Jesse and Goyal, Amit and Yamaguchi, Kota and Stratos, Karl and Han, Xufeng and Mensch, Alyssa and Berg, Alexander and Berg, Tamara and Daum{\'e} III, Hal},
  booktitle={Proceedings of the 13th Conference of the European Chapter of the Association for Computational Linguistics},
  pages={747--756},
  year={2012}
}

@article{ordonez2011im2text,
  title={Im2text: Describing images using 1 million captioned photographs},
  author={Ordonez, Vicente and Kulkarni, Girish and Berg, Tamara},
  journal={Advances in neural information processing systems},
  volume={24},
  year={2011}
}

@article{hardoon2004canonical,
  title={Canonical correlation analysis: An overview with application to learning methods},
  author={Hardoon, David R and Szedmak, Sandor and Shawe-Taylor, John},
  journal={Neural computation},
  volume={16},
  number={12},
  pages={2639--2664},
  year={2004},
  publisher={MIT Press}
}

@article{bach2002kernel,
  title={Kernel independent component analysis},
  author={Bach, Francis R and Jordan, Michael I},
  journal={Journal of machine learning research},
  volume={3},
  number={Jul},
  pages={1--48},
  year={2002}
}

@article{bengio2013representation,
  title={Representation learning: A review and new perspectives},
  author={Bengio, Yoshua and Courville, Aaron and Vincent, Pascal},
  journal={IEEE transactions on pattern analysis and machine intelligence},
  volume={35},
  number={8},
  pages={1798--1828},
  year={2013},
  publisher={IEEE}
}

@article{socher2014grounded,
  title={Grounded compositional semantics for finding and describing images with sentences},
  author={Socher, Richard and Karpathy, Andrej and Le, Quoc V and Manning, Christopher D and Ng, Andrew Y},
  journal={Transactions of the Association for Computational Linguistics},
  volume={2},
  pages={207--218},
  year={2014},
  publisher={MIT Press One Rogers Street, Cambridge, MA 02142-1209, USA journals-info~…}
}

@article{sutskever2014sequence,
  title={Sequence to sequence learning with neural networks},
  author={Sutskever, Ilya and Vinyals, Oriol and Le, Quoc V},
  journal={Advances in neural information processing systems},
  volume={27},
  year={2014}
}

@inproceedings{donahue2015long,
  title={Long-term recurrent convolutional networks for visual recognition and description},
  author={Donahue, Jeffrey and Anne Hendricks, Lisa and Guadarrama, Sergio and Rohrbach, Marcus and Venugopalan, Subhashini and Saenko, Kate and Darrell, Trevor},
  booktitle={Proceedings of the IEEE conference on computer vision and pattern recognition},
  pages={2625--2634},
  year={2015}
}

@inproceedings{szegedy2015going,
  title={Going deeper with convolutions},
  author={Szegedy, Christian and Liu, Wei and Jia, Yangqing and Sermanet, Pierre and Reed, Scott and Anguelov, Dragomir and Erhan, Dumitru and Vanhoucke, Vincent and Rabinovich, Andrew},
  booktitle={Proceedings of the IEEE conference on computer vision and pattern recognition},
  pages={1--9},
  year={2015}
}

@inproceedings{jia2015guiding,
  title={Guiding the long-short term memory model for image caption generation},
  author={Jia, Xu and Gavves, Efstratios and Fernando, Basura and Tuytelaars, Tinne},
  booktitle={Proceedings of the IEEE international conference on computer vision},
  pages={2407--2415},
  year={2015}
}

@inproceedings{gupta2012choosing,
  title={Choosing linguistics over vision to describe images},
  author={Gupta, Ankush and Verma, Yashaswi and Jawahar, C},
  booktitle={Proceedings of the AAAI conference on artificial intelligence},
  volume={26},
  number={1},
  pages={606--612},
  year={2012}
}

@inproceedings{yang2011corpus,
  title={Corpus-guided sentence generation of natural images},
  author={Yang, Yezhou and Teo, Ching and Daum{\'e} III, Hal and Aloimonos, Yiannis},
  booktitle={Proceedings of the 2011 conference on empirical methods in natural language processing},
  pages={444--454},
  year={2011}
}

@inproceedings{ushiku2015common,
  title={Common subspace for model and similarity: Phrase learning for caption generation from images},
  author={Ushiku, Yoshitaka and Yamaguchi, Masataka and Mukuta, Yusuke and Harada, Tatsuya},
  booktitle={Proceedings of the IEEE international conference on computer vision},
  pages={2668--2676},
  year={2015}
}

@inproceedings{ma2015multimodal,
  title={Multimodal convolutional neural networks for matching image and sentence},
  author={Ma, Lin and Lu, Zhengdong and Shang, Lifeng and Li, Hang},
  booktitle={Proceedings of the IEEE international conference on computer vision},
  pages={2623--2631},
  year={2015}
}

@inproceedings{yan2015deep,
  title={Deep correlation for matching images and text},
  author={Yan, Fei and Mikolajczyk, Krystian},
  booktitle={Proceedings of the IEEE conference on computer vision and pattern recognition},
  pages={3441--3450},
  year={2015}
}

@article{yang2016review,
  title={Review networks for caption generation},
  author={Yang, Zhilin and Yuan, Ye and Wu, Yuexin and Cohen, William W and Salakhutdinov, Russ R},
  journal={Advances in neural information processing systems},
  volume={29},
  year={2016}
}

@inproceedings{you2016image,
  title={Image captioning with semantic attention},
  author={You, Quanzeng and Jin, Hailin and Wang, Zhaowen and Fang, Chen and Luo, Jiebo},
  booktitle={Proceedings of the IEEE conference on computer vision and pattern recognition},
  pages={4651--4659},
  year={2016}
}

@article{elbedwehy2023enhanced,
  title={Enhanced Image Captioning Using Features Concatenation and Efficient Pre-Trained Word Embedding.},
  author={Elbedwehy, Samar and Medhat, T and Hamza, Taher and Alrahmawy, Mohammed F},
  journal={Computer Systems Science \& Engineering},
  volume={46},
  number={3},
  year={2023}
}

@inproceedings{pennington2014glove,
  title={Glove: Global vectors for word representation},
  author={Pennington, Jeffrey and Socher, Richard and Manning, Christopher D},
  booktitle={Proceedings of the 2014 conference on empirical methods in natural language processing (EMNLP)},
  pages={1532--1543},
  year={2014}
}

@article{mikolov2013efficient,
  title={Efficient estimation of word representations in vector space},
  author={Mikolov, Tomas and Chen, Kai and Corrado, Greg and Dean, Jeffrey},
  journal={arXiv preprint arXiv:1301.3781},
  year={2013}
}

@article{vinyals2016show,
  title={Show and tell: Lessons learned from the 2015 mscoco image captioning challenge},
  author={Vinyals, Oriol and Toshev, Alexander and Bengio, Samy and Erhan, Dumitru},
  journal={IEEE transactions on pattern analysis and machine intelligence},
  volume={39},
  number={4},
  pages={652--663},
  year={2016},
  publisher={IEEE}
}

@inproceedings{atliha2021pretrained,
  title={Pretrained word embeddings for image captioning},
  author={Atliha, Viktar and {\v{S}}e{\v{s}}ok, Dmitrij},
  booktitle={2021 IEEE Open Conference of Electrical, Electronic and Information Sciences (eStream)},
  pages={1--4},
  year={2021},
  organization={IEEE}
}

@article{DBLP:journals/corr/YangZRH17,
  author       = {Zhongliang Yang and
                  Yu{-}Jin Zhang and
                  Sadaqat ur Rehman and
                  Yongfeng Huang},
  title        = {Image Captioning with Object Detection and Localization},
  journal      = {CoRR},
  volume       = {abs/1706.02430},
  year         = {2017},
  url          = {http://arxiv.org/abs/1706.02430},
  eprinttype    = {arXiv},
  eprint       = {1706.02430},
  timestamp    = {Tue, 09 Mar 2021 14:31:00 +0100},
  biburl       = {https://dblp.org/rec/journals/corr/YangZRH17.bib},
  bibsource    = {dblp computer science bibliography, https://dblp.org}
}

@article{DBLP:journals/corr/RassemES17,
  author       = {Aliaa Rassem and
                  Mohammed El{-}Beltagy and
                  Mohamed Saleh},
  title        = {Cross-Country Skiing Gears Classification using Deep Learning},
  journal      = {CoRR},
  volume       = {abs/1706.08924},
  year         = {2017},
  url          = {http://arxiv.org/abs/1706.08924},
  eprinttype    = {arXiv},
  eprint       = {1706.08924},
  timestamp    = {Mon, 13 Aug 2018 16:49:08 +0200},
  biburl       = {https://dblp.org/rec/journals/corr/RassemES17.bib},
  bibsource    = {dblp computer science bibliography, https://dblp.org}
}